<?xml version="1.0" encoding="UTF-8"?><collection xmlns="http://www.loc.gov/MARC21/slim"><record><leader>00465nam--2200169-u-4500</leader><controlfield tag="001">000055539</controlfield><controlfield tag="002">20161230</controlfield><controlfield tag="005">20161230201052</controlfield><controlfield tag="008">130220s1000------------r-----000-0-eng-d</controlfield><datafield ind1=" " ind2=" " tag="040"><subfield code="a">IFIN-HH</subfield></datafield><datafield ind1=" " ind2=" " tag="080"><subfield code="a">413.232=S=3</subfield></datafield><datafield ind1="1" ind2=" " tag="100"><subfield code="a">Gorochow, P.K</subfield></datafield><datafield ind1="1" ind2="0" tag="245"><subfield code="a">Russisch-deutsches worterbuch der funktechnik</subfield><subfield code="b">Russko-nemetkii radiotehniceskii slovari</subfield><subfield code="c">P.k. gorochow</subfield></datafield><datafield ind1=" " ind2=" " tag="260"><subfield code="a">Moskva</subfield><subfield code="c">1961</subfield></datafield><datafield ind1=" " ind2=" " tag="300"><subfield code="a">390P</subfield></datafield><datafield ind1=" " ind2=" " tag="852"><subfield code="a">D.246</subfield><subfield code="c">SLT</subfield></datafield><datafield ind1=" " ind2=" " tag="CAT"><subfield code="a">Sys</subfield><subfield code="c">20130220</subfield><subfield code="h">131108</subfield></datafield></record></collection>